@article{fekedulegn2007area,
  title={Area under the curve and other summary indicators of repeated waking cortisol measurements},
  author={Fekedulegn, Desta B and Andrew, Michael E and Burchfiel, Cecil M and Violanti, John M and Hartley, Tara A and Charles, Luenda E and Miller, Diane B},
  journal={Psychosomatic medicine},
  volume={69},
  number={7},
  pages={651--659},
  year={2007},
  publisher={LWW}
}
@article{jakobsen2016brain,
  title={Brain serotonin 4 receptor binding is associated with the cortisol awakening response},
  author={Jakobsen, Gustav R and Fisher, Patrick M and Dyssegaard, Agnete and McMahon, Brenda and Holst, Klaus K and Lehel, Szabolcs and Svarer, Claus and Jensen, Peter S and Knudsen, Gitte M and Frokjaer, Vibe G},
  journal={Psychoneuroendocrinology},
  volume={67},
  pages={124--132},
  year={2016},
  publisher={Elsevier}
}
